%YAML 1.1
%TAG !u! tag:unity3d.com,2011:
--- !u!1 &2084013838276381583
GameObject:
  m_ObjectHideFlags: 0
  m_CorrespondingSourceObject: {fileID: 0}
  m_PrefabInstance: {fileID: 0}
  m_PrefabAsset: {fileID: 0}
  serializedVersion: 6
  m_Component:
  - component: {fileID: 7080858302204567729}
  - component: {fileID: 6688702503998064987}
  m_Layer: 0
  m_Name: shader
  m_TagString: Untagged
  m_Icon: {fileID: 0}
  m_NavMeshLayer: 0
  m_StaticEditorFlags: 0
  m_IsActive: 1
--- !u!4 &7080858302204567729
Transform:
  m_ObjectHideFlags: 0
  m_CorrespondingSourceObject: {fileID: 0}
  m_PrefabInstance: {fileID: 0}
  m_PrefabAsset: {fileID: 0}
  m_GameObject: {fileID: 2084013838276381583}
  m_LocalRotation: {x: 0, y: 0, z: 0, w: 1}
  m_LocalPosition: {x: 0, y: 0, z: 0}
  m_LocalScale: {x: 1, y: 1, z: 1}
  m_Children: []
  m_Father: {fileID: 8997774546212126593}
  m_RootOrder: 0
  m_LocalEulerAnglesHint: {x: 90, y: 0, z: 0}
--- !u!108 &6688702503998064987
Light:
  m_ObjectHideFlags: 0
  m_CorrespondingSourceObject: {fileID: 0}
  m_PrefabInstance: {fileID: 0}
  m_PrefabAsset: {fileID: 0}
  m_GameObject: {fileID: 2084013838276381583}
  m_Enabled: 1
  serializedVersion: 10
  m_Type: 0
  m_Shape: 0
  m_Color: {r: 1, g: 1, b: 1, a: 1}
  m_Intensity: 1
  m_Range: 10
  m_SpotAngle: 30
  m_InnerSpotAngle: 21.80208
  m_CookieSize: 10
  m_Shadows:
    m_Type: 0
    m_Resolution: -1
    m_CustomResolution: -1
    m_Strength: 1
    m_Bias: 0.05
    m_NormalBias: 0.4
    m_NearPlane: 0.2
    m_CullingMatrixOverride:
      e00: 1
      e01: 0
      e02: 0
      e03: 0
      e10: 0
      e11: 1
      e12: 0
      e13: 0
      e20: 0
      e21: 0
      e22: 1
      e23: 0
      e30: 0
      e31: 0
      e32: 0
      e33: 1
    m_UseCullingMatrixOverride: 0
  m_Cookie: {fileID: 0}
  m_DrawHalo: 0
  m_Flare: {fileID: 0}
  m_RenderMode: 0
  m_CullingMask:
    serializedVersion: 2
    m_Bits: 4294967295
  m_RenderingLayerMask: 1
  m_Lightmapping: 4
  m_LightShadowCasterMode: 0
  m_AreaSize: {x: 1, y: 1}
  m_BounceIntensity: 1
  m_ColorTemperature: 6570
  m_UseColorTemperature: 0
  m_BoundingSphereOverride: {x: 0, y: 0, z: 0, w: 0}
  m_UseBoundingSphereOverride: 0
  m_UseViewFrustumForShadowCasterCull: 1
  m_ShadowRadius: 0
  m_ShadowAngle: 0
--- !u!1 &5251363015455621636
GameObject:
  m_ObjectHideFlags: 0
  m_CorrespondingSourceObject: {fileID: 0}
  m_PrefabInstance: {fileID: 0}
  m_PrefabAsset: {fileID: 0}
  serializedVersion: 6
  m_Component:
  - component: {fileID: 8997774546212126593}
  - component: {fileID: 7326931594436958925}
  - component: {fileID: 2515352300355788128}
  m_Layer: 0
  m_Name: ScaledTransform
  m_TagString: Untagged
  m_Icon: {fileID: 0}
  m_NavMeshLayer: 0
  m_StaticEditorFlags: 0
  m_IsActive: 1
--- !u!4 &8997774546212126593
Transform:
  m_ObjectHideFlags: 0
  m_CorrespondingSourceObject: {fileID: 0}
  m_PrefabInstance: {fileID: 0}
  m_PrefabAsset: {fileID: 0}
  m_GameObject: {fileID: 5251363015455621636}
  m_LocalRotation: {x: -0, y: -0, z: -0, w: 1}
  m_LocalPosition: {x: 0, y: 0, z: 0}
  m_LocalScale: {x: 1, y: 1, z: 1}
  m_Children:
  - {fileID: 7080858302204567729}
  m_Father: {fileID: 8432416839105108994}
  m_RootOrder: 0
  m_LocalEulerAnglesHint: {x: 0, y: 0, z: 0}
--- !u!114 &7326931594436958925
MonoBehaviour:
  m_ObjectHideFlags: 0
  m_CorrespondingSourceObject: {fileID: 0}
  m_PrefabInstance: {fileID: 0}
  m_PrefabAsset: {fileID: 0}
  m_GameObject: {fileID: 5251363015455621636}
  m_Enabled: 1
  m_EditorHideFlags: 0
  m_Script: {fileID: 11500000, guid: 2e3022b6ce3c5334e9b8bc4a51034e89, type: 3}
  m_Name: 
  m_EditorClassIdentifier: 
  id: 0
--- !u!65 &2515352300355788128
BoxCollider:
  m_ObjectHideFlags: 0
  m_CorrespondingSourceObject: {fileID: 0}
  m_PrefabInstance: {fileID: 0}
  m_PrefabAsset: {fileID: 0}
  m_GameObject: {fileID: 5251363015455621636}
  m_Material: {fileID: 0}
  m_IsTrigger: 0
  m_Enabled: 1
  serializedVersion: 2
  m_Size: {x: 1, y: 1, z: 1}
  m_Center: {x: 0, y: 0, z: 0}
--- !u!1 &5493058004577985186
GameObject:
  m_ObjectHideFlags: 0
  m_CorrespondingSourceObject: {fileID: 0}
  m_PrefabInstance: {fileID: 0}
  m_PrefabAsset: {fileID: 0}
  serializedVersion: 6
  m_Component:
  - component: {fileID: 8432416839105108994}
  - component: {fileID: 2474037276754855057}
  m_Layer: 0
  m_Name: Light
  m_TagString: Untagged
  m_Icon: {fileID: 0}
  m_NavMeshLayer: 0
  m_StaticEditorFlags: 0
  m_IsActive: 1
--- !u!4 &8432416839105108994
Transform:
  m_ObjectHideFlags: 0
  m_CorrespondingSourceObject: {fileID: 0}
  m_PrefabInstance: {fileID: 0}
  m_PrefabAsset: {fileID: 0}
  m_GameObject: {fileID: 5493058004577985186}
  m_LocalRotation: {x: 0, y: 0, z: 0, w: 1}
  m_LocalPosition: {x: 0, y: 0, z: 0}
  m_LocalScale: {x: 1, y: 1, z: 1}
  m_Children:
  - {fileID: 8997774546212126593}
  m_Father: {fileID: 0}
  m_RootOrder: 0
  m_LocalEulerAnglesHint: {x: 0, y: 0, z: 0}
--- !u!114 &2474037276754855057
MonoBehaviour:
  m_ObjectHideFlags: 0
  m_CorrespondingSourceObject: {fileID: 0}
  m_PrefabInstance: {fileID: 0}
  m_PrefabAsset: {fileID: 0}
  m_GameObject: {fileID: 5493058004577985186}
  m_Enabled: 1
  m_EditorHideFlags: 0
  m_Script: {fileID: 11500000, guid: 9ee600bfe42bc6844af5565601929e39, type: 3}
  m_Name: 
  m_EditorClassIdentifier: 
  parentId: 0
  renderers:
  - {fileID: 0}
  goToFacing: {fileID: 0}
  isFacing: 0
  onOppositeDirection: 0
  idObjectToFacing: 0
  isFacingPOV: 0
  isFacingPOVatCalibration: 0
  isAutoRadialDistance: 0
  perimetricCoordinates: []
  isKeepPerimetricAngles: 0
  specificScale: {x: 1, y: 1, z: 1}
  angularSize2d: {x: 0, y: 0}
  angularSizeApprox: 0
  currentCS:
    pos: {x: 0, y: 0, z: 0}
    rot: {x: 0, y: 0, z: 0}
  orientationDeg: 0
  angularSize: 0
  isTangentAngularCorrection: 0
  startPoint: {fileID: 0}
  endPoint: {fileID: 0}
  defaultOutlineColor: {r: 0, g: 0, b: 0, a: 0}
  originOutlineColor: {r: 0, g: 0, b: 0, a: 0}
  originOutlineWidth: 0
  defaultVisiblity: 0
  isAlreadySetup: 0
  originFontSize: 0
  defaultScale: {x: 0, y: 0, z: 0}
  defaultSpeed: 0
  speed: 0
  isMoving: 0
  forward_movement: 0
  reverse_movement: 0
  upward_movement: 0
  downward_movement: 0
  left_movement: 0
  right_movement: 0
  left_rotate: 0
  right_rotate: 0
  start_periodic_position: {x: 0, y: 0, z: 0}
  end_periodic_position: {x: 0, y: 0, z: 0}
  period: 0
  count_period: 0
  periodic_function: 
  flag_periodic_movement: 0
  flag_start_periodic_movement: 0
  periodic_movement: {x: 0, y: 0, z: 0}
  last_periodic_movement: {x: 0, y: 0, z: 0}
  flag_periodic_function_up: 0
  flag_periodic_function_down: 0
  look_in_movement_direction: 0
  stop_mode: reset
  isGrabable: 0
  isGrabed: 0
  isAttractor: 0
  isAttractive: 0
  isAttractortaken: 0
  isInAttractor: 0
  AttractorIndex: 0
  ResetPos: 0
  isStatic: 0
  attraction_distance: {x: 0, y: 0, z: 0}
  stringInAttractor: 
  isRead: 0
  textRead: {fileID: 0}
  readsupportId: -1
  readString: 
  expectedString: 
  readingAttractor: 0
  readingAttractorID: -1
  initialPos: {x: 0, y: 0, z: 0}
  initialPosForMovement: {x: 0, y: 0, z: 0}
  currentPosForMovement: {x: 0, y: 0, z: 0}
  initialRot: {x: 0, y: 0, z: 0, w: 0}
  AttractorsTransformList: []
  AttractorsPCList: []
  object_size_in_meters: {x: 0, y: 0, z: 0}
  defaultText: 
